
@Online{tagstore,
  OPTkey = 	 {},
  author = 	 {Karl Voit},
  title = 	 {tagstore --- Project home page},
  URL   =        {https://Karl-Voit.at/tagstore},
  urldate =      {2011-12-10},
  month = 	 jul,
  year = 	 2020,
  OPTnote = 	 {},
  OPTannote = 	 {}
}

@INPROCEEDINGS{Kendall2015,
	author={A. {Kendall} and M. {Grimes} and R. {Cipolla}},
	booktitle={2015 IEEE International Conference on Computer Vision (ICCV)}, 
	title={PoseNet: A Convolutional Network for Real-Time 6-DOF Camera Relocalization}, 
	year={2015},
	volume={},
	number={},
	pages={2938-2946},
	doi={10.1109/ICCV.2015.336},
	ISSN={2380-7504},
	month={Dec},}

@INPROCEEDINGS{Sattler2019,
	author={T. {Sattler} and Q. {Zhou} and M. {Pollefeys} and L. {Leal-Taixé}},
	booktitle={2019 IEEE/CVF Conference on Computer Vision and Pattern Recognition (CVPR)}, 
	title={Understanding the Limitations of CNN-Based Absolute Camera Pose Regression}, 
	year={2019},
	volume={},
	number={},
	pages={3297-3307},}



@INPROCEEDINGS{Brahmbhatt2018,
	author    = {Samarth Brahmbhatt and
	Jinwei Gu and
	Kihwan Kim and
	James Hays and
	Jan Kautz},
	title     = {MapNet: Geometry-Aware Learning of Maps for Camera Localization},
	journal   = {CoRR},
	volume    = {abs/1712.03342},
	year      = {2017},}






@Proceedings{PIM2009,
  title =        {PIM09 ASIS\&T 2009 Workshop, Vancouver, BC, Canada},
  year = 	 2009,
  OPTeditor = 	 {},
  OPTvolume = 	 {},
  OPTnumber = 	 {},
  OPTseries = 	 {},
  address = 	 {Vancouver, Canada},
  month = 	 nov,
  OPTorganization = {},
  OPTpublisher = {},
  OPTnote = 	 {},
  URL =          {http://pimworkshop.org/2009/index.php?page=acceptedpapers},
  OPTannote = 	 {}
}

@InProceedings{Voit2009,
  crossref =     {PIM2009},
  author = 	 {Karl Voit and Keith Andrews and Wolfgang Slany},
  title = 	 {Why Personal Information Management (PIM) Technologies Are Not Widespread},
  OPTkey = 	 {},
  pages = 	 {60--64},
  OPTeditor = 	 {},
  OPTvolume = 	 {},
  OPTnumber = 	 {},
  OPTseries = 	 {},
  OPTaddress = 	 {},
  OPTorganization = {},
  OPTpublisher = {},
  OPTnote = 	 {},
  URL =          {http://pimworkshop.org/2009/index.php?page=acceptedpapers},
  OPTannote = 	 {}
}

@Proceedings{USAB2011,
  title         = {Proc.\ 7\textsuperscript{th} Conference of the
                   Austrian Computer Society Workgroup: Human-Computer
                   Interaction (Usab 2011)},
  location      = {Graz, Austria},
  series        = {LNCS},
  volume        = {7058},
  publisher     = {Springer},
  isbn          = {3642253636},
  year          = 2011,
  month         = nov,
  doi           = {10.1007/978-3-642-25364-5_33}
}

@inproceedings{Voit2011,
  crossref      = {USAB2011},
  author        = {Karl Voit and Keith Andrews and Wolfgang Slany},
  title         = {{TagTree}: Storing and Re-finding Files Using Tags},
  pages         = {471--481}
}

@online{KeithThesis,
  author       = {Keith Andrews},
  title        = {Writing a Thesis: Guidelines for Writing a Master's Thesis
                  in Computer Science},
  howpublished = {Graz University of Technology, Austria},
  month        = dec,
  year         = 2011,
  url          = {http://ftp.iicm.edu/pub/keith/thesis/}
}

@Book{Bringhurst1993,
  author = 	 {Robert Bringhurst},
  ALTeditor = 	 {},
  title = 	 {The Elements of Typographic Style},
  publisher = 	 {Hartley and Marks Publishers},
  year = 	 1993,
  OPTkey = 	 {},
  OPTvolume = 	 {},
  OPTnumber = 	 {},
  OPTseries = 	 {},
  OPTaddress = 	 {},
  edition = 	 {first edition},
  OPTmonth = 	 {},
  OPTnote = 	 {},
  OPTannote = 	 {}
}

@Book{Eijkhout2008,
  author = 	 {Victor Eijkhout},
  ALTeditor = 	 {},
  title = 	 {\TeX{} by Topic, a \TeX{}nician's Reference},
  publisher = 	 {},
  year = 	 2008,
  OPTkey = 	 {},
  OPTvolume = 	 {},
  OPTnumber = 	 {},
  OPTseries = 	 {},
  OPTaddress = 	 {},
  edition = 	 {document revision 1.2},
  month = 	 may,
  url =          {http://www.eijkhout.net/texbytopic/texbytopic.html},
  OPTnote = 	 {},
  OPTannote = 	 {}
}

@book{StrunkWhite,
  author       = {Strunk, Jr, William and Elwyn Brooks White},
  title        = {The Elements of Style},
  publisher    = {Longman},
  edition      = {Fourth},
  year         = 1999,
  isbn         = {020530902X},
}

@booklet{Strunk,
  author       = {Strunk, Jr, William},
  title        = {The Elements of Style},
  edition      = {First},
  year         = 1918,
  url          = {http://www.bartleby.com/141/},
}

@booklet{NASAGuide,
  author       = {Mary K. McCaskill},
  title        = {Grammar, Punctuation, and Capitalization:
                  A Handbook for Technical Writers and Editors},
  howpublished = {NASA Langley Research Center SP-7084},
  day          = 3,
  month        = aug,
  year         = 1998,
  url          = {http://stipo.larc.nasa.gov/sp7084/},
}

@book{Zobel-WritingCompSci,
  author       = {Justin Zobel},
  title        = {Writing for Computer Science},
  edition      = {Second},
  publisher    = {Springer},
  year         = 2004,
  isbn         = {1852338024},
}

@book{BugsInWriting,
  author       = {Lyn Dupré},
  title        = {Bugs in Writing: A Guide to Debugging Your Prose},
  publisher    = {Addison-Wesley},
  edition      = {Second},
  year         = 1998,
  isbn         = {020137921X},
}

@book{Phillips-HowGetPhD,
  author       = {Estelle M. Phillips and Derek S. Pugh},
  title        = {How to Get a PhD},
  edition      = {Fourth},
  publisher    = {Open University Press},
  year         = 2005,
  isbn         = {0335216846},
}

@online{Roget,
  author       = {Roget},
  title        = {Roget's Interactive Thesaurus},
  year         = 2004,
  url          = {http://www.thesaurus.com/},
}

@online{RogetII,
  author       = {Roget},
  title        = {Roget's II: The New Thesaurus},
  edition      = {Third},
  year         = 1995,
  url          = {http://www.bartleby.com/62/},
}


@online{DictionaryCom,
  author       = {dictionary.com},
  title        = {dictionary.com},
  year         = 2004,
  url          = {http://dictionary.com/},
}

@online{DictLeoOrg,
  author       = {Leo},
  title        = {Leo English-German Dictionary},
  year         = 2004,
  url          = {http://dict.leo.org/},
}

@online{DictChemnitz,
  author       = {TU Chemnitz},
  title        = {German-English Dictionary},
  year         = 2004,
  url          = {http://dict.tu-chemnitz.de/},
}

